<record><leader>00000cas a22000007a 4500</leader><controlfield tag="001">30313542</controlfield><controlfield tag="008">940422d186u186uctuwr ne      0    0eng d</controlfield><datafield ind1=" " ind2=" " tag="010"><subfield code="a">sn 94053063 </subfield></datafield><datafield ind1=" " ind2=" " tag="040"><subfield code="a">CNW</subfield><subfield code="b">eng</subfield><subfield code="c">CNW</subfield><subfield code="d">OCL</subfield><subfield code="d">CNW</subfield><subfield code="d">OCLCQ</subfield><subfield code="d">OCLCF</subfield><subfield code="d">OCLCO</subfield></datafield><datafield ind1="1" ind2=" " tag="029"><subfield code="a">AU@</subfield><subfield code="b">000010972583</subfield></datafield><datafield ind1=" " ind2=" " tag="042"><subfield code="a">msc</subfield></datafield><datafield ind1=" " ind2=" " tag="043"><subfield code="a">n-us-ct</subfield></datafield><datafield ind1="0" ind2="4" tag="245"><subfield code="a">The East Lyme star.</subfield></datafield><datafield ind1=" " ind2=" " tag="260"><subfield code="a">East Lyme [Conn.] :</subfield><subfield code="b">Eugene Davis, ed.</subfield></datafield><datafield ind1=" " ind2=" " tag="300"><subfield code="a">v.</subfield></datafield><datafield ind1=" " ind2=" " tag="310"><subfield code="a">Weekly</subfield></datafield><datafield ind1=" " ind2=" " tag="500"><subfield code="a">Published in Niantic, Conn., &lt;June 1, 1867&gt;-</subfield></datafield><datafield ind1=" " ind2=" " tag="515"><subfield code="a">Issue for Dec. 27, 1866 preceeded by an undated issue from 1866.</subfield></datafield><datafield ind1=" " ind2=" " tag="515"><subfield code="a">Suspended for some time prior to issue for June 1, 1867.</subfield></datafield><datafield ind1=" " ind2=" " tag="530"><subfield code="a">Also issued on microfilm from Connecticut State Library, Hartford, CT.</subfield></datafield><datafield ind1=" " ind2=" " tag="588"><subfield code="a">Description based on: Dec. 27, 1866.</subfield></datafield><datafield ind1=" " ind2="0" tag="651"><subfield code="a">East Lyme (Conn.)</subfield><subfield code="v">Newspapers.</subfield></datafield><datafield ind1=" " ind2="7" tag="655"><subfield code="a">Newspapers.</subfield><subfield code="2">fast</subfield><subfield code="0">(OCoLC)fst01423814</subfield></datafield><datafield ind1=" " ind2="7" tag="651"><subfield code="a">Connecticut</subfield><subfield code="z">East Lyme.</subfield><subfield code="2">fast</subfield><subfield code="0">(OCoLC)fst01253104</subfield></datafield><datafield ind1=" " ind2=" " tag="752"><subfield code="a">United States</subfield><subfield code="b">Connecticut</subfield><subfield code="c">New London</subfield><subfield code="d">Niantic22-23.</subfield></datafield></record>